@article{lehnert2011review,
	title={A review of software change impact analysis},
	author={Lehnert, Steffen},
	journal={Ilmenau University of Technology, Tech. Rep},
	year={2011}
}
@book{pigoski1996practical,
	title={Practical software maintenance: best practices for managing your software investment},
	author={Pigoski, Thomas M},
	year={1996},
	publisher={John Wiley \& Sons, Inc.}
}
@book{hunt1976algorithm,
	title={An algorithm for differential file comparison},
	author={Hunt, James Wayne and MacIlroy, MD},
	year={1976},
	publisher={Bell Laboratories}
}
@article{buckley2005towards,
	title={Towards a taxonomy of software change},
	author={Buckley, Jim and Mens, Tom and Zenger, Matthias and Rashid, Awais and Kniesel, G{\"u}nter},
	journal={Journal of Software Maintenance and Evolution: Research and Practice},
	volume={17},
	number={5},
	pages={309--332},
	year={2005},
	publisher={Wiley Online Library}
}
@inproceedings{le2014patch,
	title={Patch verification via multiversion interprocedural control flow graphs},
	author={Le, Wei and Pattison, Shannon D},
	booktitle={Proceedings of the 36th International Conference on Software Engineering},
	pages={1047--1058},
	year={2014},
	organization={ACM}
}

@inproceedings{wilkerson2012software,
	title={A software change impact analysis taxonomy},
	author={Wilkerson, Jerod W},
	booktitle={Software Maintenance (ICSM), 2012 28th IEEE International Conference on},
	pages={625--628},
	year={2012},
	organization={IEEE}
}
@article{kim2013identifying,
	title={Identifying and summarizing systematic code changes via rule inference},
	author={Kim, Miryung and Notkin, David and Grossman, Dan and Wilson, Gary},
	journal={Software Engineering, IEEE Transactions on},
	volume={39},
	number={1},
	pages={45--62},
	year={2013},
	publisher={IEEE}
}
@inproceedings{lahiri2010differential,
	title={Differential static analysis: opportunities, applications, and challenges},
	author={Lahiri, Shuvendu K and Vaswani, Kapil and Hoare, C AR},
	booktitle={Proceedings of the FSE/SDP workshop on Future of software engineering research},
	pages={201--204},
	year={2010},
	organization={ACM}
}
@inproceedings{winstead2003towards,
	title={Towards differential program analysis},
	author={Winstead, Joel and Evans, David},
	booktitle={Proc. ICSE 2003 Workshop on Dynamic Analysis},
	pages={37--40},
	year={2003}
}
@article{fluri2007change,
	title={Change distilling: Tree differencing for fine-grained source code change extraction},
	author={Fluri, Beat and Wursch, Michael and PInzger, Martin and Gall, Harald C},
	journal={Software Engineering, IEEE Transactions on},
	volume={33},
	number={11},
	pages={725--743},
	year={2007},
	publisher={IEEE}
}
@article{gall2009change,
	title={Change analysis with evolizer and changedistiller},
	author={Gall, Harald C and Fluri, Beat and Pinzger, Martin},
	journal={IEEE Software},
	volume={26},
	number={1},
	pages={26--33},
	year={2009}
}

@inproceedings{tao2012software,
	title={How do software engineers understand code changes?: an exploratory study in industry},
	author={Tao, Yida and Dang, Yingnong and Xie, Tao and Zhang, Dongmei and Kim, Sunghun},
	booktitle={Proceedings of the ACM SIGSOFT 20th International Symposium on the Foundations of Software Engineering},
	pages={51},
	year={2012},
	organization={ACM}
}
@article{li2013survey,
	title={A survey of code-based change impact analysis techniques},
	author={Li, Bixin and Sun, Xiaobing and Leung, Hareton and Zhang, Sai},
	journal={Software Testing, Verification and Reliability},
	volume={23},
	number={8},
	pages={613--646},
	year={2013},
	publisher={Wiley Online Library}
}
@inproceedings{de2008traceability,
	title={Traceability management for impact analysis},
	author={De Lucia, Andrea and Fasano, Fausto and Oliveto, Rocco},
	booktitle={Frontiers of Software Maintenance, 2008. FoSM 2008.},
	pages={21--30},
	year={2008},
	organization={IEEE}
}
@inproceedings{law2003incremental,
	title={Incremental dynamic impact analysis for evolving software systems},
	author={Law, James and Rothermel, Gregg},
	booktitle={Software Reliability Engineering, 2003. ISSRE 2003. 14th International Symposium on},
	pages={430--441},
	year={2003},
	organization={IEEE}
}
@inproceedings{acharya2011practical,
	title={Practical change impact analysis based on static program slicing for industrial software systems},
	author={Acharya, Mithun and Robinson, Brian},
	booktitle={Proceedings of the 33rd international conference on software engineering},
	pages={746--755},
	year={2011},
	organization={ACM}
}
@article{bohner1996software,
	title={Software change impact analysis},
	author={Bohner, Shawn A},
	year={1996},
	publisher={Citeseer}
}
@inproceedings{de2008traceability,
	title={Traceability management for impact analysis},
	author={De Lucia, Andrea and Fasano, Fausto and Oliveto, Rocco},
	booktitle={Frontiers of Software Maintenance, 2008. FoSM 2008.},
	pages={21--30},
	year={2008},
	organization={IEEE}
}
@inproceedings{bohner2002software,
	title={Software change impacts-an evolving perspective},
	author={Bohner, Shawn A},
	booktitle={Software Maintenance, 2002. Proceedings. International Conference on},
	pages={263--272},
	year={2002},
	organization={IEEE}
}
@inproceedings{biggerstaff1993concept,
	title={The concept assignment problem in program understanding},
	author={Biggerstaff, Ted J and Mitbander, Bharat G and Webster, Dallas},
	booktitle={Proceedings of the 15th international conference on Software Engineering},
	pages={482--498},
	year={1993},
	organization={IEEE Computer Society Press}
}
@inproceedings{ren2004chianti,
	title={Chianti: a tool for change impact analysis of java programs},
	author={Ren, Xiaoxia and Shah, Fenil and Tip, Frank and Ryder, Barbara G and Chesley, Ophelia},
	booktitle={ACM Sigplan Notices},
	volume={39},
	number={10},
	pages={432--448},
	year={2004},
	organization={ACM}
}
@inproceedings{buckner2005jripples,
	title={JRipples: A Tool for Program Comprehension during Incremental Change.},
	author={Buckner, Jonathan and Buchta, Joseph and Petrenko, Maksym and Rajlich, Vaclav},
	booktitle={IWPC},
	volume={5},
	pages={149--152},
	year={2005}
}
@article{rajlich2004incremental,
	title={Incremental change in object-oriented programming},
	author={Rajlich, Vaclav and Gosavi, Prashant},
	journal={Software, IEEE},
	volume={21},
	number={4},
	pages={62--69},
	year={2004},
	publisher={IEEE}
}
@article{zimmermann2005mining,
	title={Mining version histories to guide software changes},
	author={Zimmermann, Thomas and Zeller, Andreas and Weissgerber, Peter and Diehl, Stephan},
	journal={Software Engineering, IEEE Transactions on},
	volume={31},
	number={6},
	pages={429--445},
	year={2005},
	publisher={IEEE}
}
@inproceedings{rungta2012change,
	title={A change impact analysis to characterize evolving program behaviors},
	author={Rungta, Neha and Person, Suzette and Branchaud, Joshua},
	booktitle={Software Maintenance (ICSM), 2012 28th IEEE International Conference on},
	pages={109--118},
	year={2012},
	organization={IEEE}
}
@inproceedings{sun2012comparative,
	title={A comparative study of static cia techniques},
	author={Sun, Xiaobing and Li, Bin and Li, Bixin and Wen, Wanzhi},
	booktitle={Proceedings of the Fourth Asia-Pacific Symposium on Internetware},
	pages={23},
	year={2012},
	organization={ACM}
}
@article{kagdi2007survey,
	title={A survey and taxonomy of approaches for mining software repositories in the context of software evolution},
	author={Kagdi, Huzefa and Collard, Michael L and Maletic, Jonathan I},
	journal={Journal of Software Maintenance and Evolution: Research and Practice},
	volume={19},
	number={2},
	pages={77--131},
	year={2007},
	publisher={Wiley Online Library}
}
@inproceedings{law2003whole,
	title={Whole program path-based dynamic impact analysis},
	author={Law, James and Rothermel, Gregg},
	booktitle={Software Engineering, 2003. Proceedings. 25th International Conference on},
	pages={308--318},
	year={2003},
	organization={IEEE}
}

@inproceedings{person2011directed,
	title={Directed incremental symbolic execution},
	author={Person, Suzette and Yang, Guowei and Rungta, Neha and Khurshid, Sarfraz},
	booktitle={ACM SIGPLAN Notices},
	volume={46},
	number={6},
	pages={504--515},
	year={2011},
	organization={ACM}
}
@article{yang2014directed,
	title={Directed incremental symbolic execution},
	author={Yang, Guowei and Person, Suzette and Rungta, Neha and Khurshid, Sarfraz},
	journal={ACM Transactions on Software Engineering and Methodology (TOSEM)},
	volume={24},
	number={1},
	pages={3},
	year={2014},
	publisher={ACM}
}
@article{havelund2000model,
	title={Model checking java programs using java pathfinder},
	author={Havelund, Klaus and Pressburger, Thomas},
	journal={International Journal on Software Tools for Technology Transfer},
	volume={2},
	number={4},
	pages={366--381},
	year={2000},
	publisher={Springer}
}
@inproceedings{petrenko2009variable,
	title={Variable granularity for improving precision of impact analysis},
	author={Petrenko, Maksym and Rajlich, V{\'a}clav},
	booktitle={Program Comprehension, 2009. ICPC'09. IEEE 17th International Conference on},
	pages={10--19},
	year={2009},
	organization={IEEE}
}